
  <record>
    <leader>00000cam a2200000zu 4500</leader>
    <datafield tag="024" ind1="8" ind2=" ">
      <subfield code="a">http://cantookstation.com/resources/5b07a2da2357947a6f28d32e</subfield>
    </datafield>
    <datafield tag="856" ind1="4" ind2="0">
      <subfield code="u">http://la-chaux-de-fonds.ebibliomedia.ch/resources/5b07a2da2357947a6f28d32e</subfield>
    </datafield>
    <datafield tag="245" ind1="0" ind2="0">
      <subfield code="a">Le pays des marées</subfield>
    </datafield>
    <datafield tag="020" ind1=" " ind2=" ">
      <subfield code="a">9782221131558</subfield>
    </datafield>
    <datafield tag="655" ind1=" " ind2="7">
      <subfield code="a">EPUB</subfield>
      <subfield code="2">local</subfield>
    </datafield>
    <datafield tag="720" ind1=" " ind2=" ">
      <subfield code="a">GHOSH, Amitav</subfield>
      <subfield code="e">author</subfield>
    </datafield>
    <datafield tag="260" ind1=" " ind2=" ">
      <subfield code="b">ROBERT LAFFONT/BOUQUINS/SEGHER</subfield>
    </datafield>
    <datafield tag="260" ind1=" " ind2=" ">
      <subfield code="c">2012-07-04</subfield>
    </datafield>
    <datafield tag="520" ind1=" " ind2=" ">
      <subfield code="a">Un roman multiple et fascinant dans lequel Amitav Ghosh donne la pleine mesure de son exceptionnel talent de conteur. C'est dans l'archipel des Sundarbans, ce pays des marées peuplé de crocodiles, de serpents et de tigres mangeurs d'hommes, que Kanai, un homme d'affaires sophistiqué, originaire de Calcutta, fait la connaissance de Piya, une cétologue américaine d'origine indienne. À la recherche d'une espèce unique de dauphins d'eau douce, cette dernière explore la faune et la flore locales avec l'aide de Fokir, un pêcheur illettré possédant un savoir unique sur la région. Tous trois se lancent dans une singulière expédition qui, au gré des tempêtes, leur fera rencontrer l'amour, la souffrance, et les changera à jamais.Après avoir exploré le réalisme magique dans Les Feux du Bengale, la saga familiale dans Le Palais des miroirs et le polar dans Le Chromosome de Calcutta, Amitav Ghosh se penche sur les mythes qui nourrissent la culture indienne. Avec une fascination d'anthropologue, il nous livre ici une fresque envoûtante et maîtrisée, véritable hommage aux mots, à la littérature et à son pays.</subfield>
    </datafield>
  </record>