
  <record>
    <leader>00000cam a2200000zu 4500</leader>
    <datafield tag="024" ind1="8" ind2=" ">
      <subfield code="a">http://cantookstation.com/resources/5b29e9f823579419e9fb342a</subfield>
    </datafield>
    <datafield tag="856" ind1="4" ind2="0">
      <subfield code="u">http://la-chaux-de-fonds.ebibliomedia.ch/resources/5b29e9f823579419e9fb342a</subfield>
    </datafield>
    <datafield tag="245" ind1="0" ind2="0">
      <subfield code="a">L'échelle de Jacob</subfield>
    </datafield>
    <datafield tag="020" ind1=" " ind2=" ">
      <subfield code="a">9782072682520</subfield>
    </datafield>
    <datafield tag="655" ind1=" " ind2="7">
      <subfield code="a">EPUB</subfield>
      <subfield code="2">local</subfield>
    </datafield>
    <datafield tag="720" ind1=" " ind2=" ">
      <subfield code="a">Oulitskaïa, Ludmila</subfield>
      <subfield code="e">author</subfield>
    </datafield>
    <datafield tag="260" ind1=" " ind2=" ">
      <subfield code="b">Editions Gallimard</subfield>
    </datafield>
    <datafield tag="260" ind1=" " ind2=" ">
      <subfield code="c">2018-03-12</subfield>
    </datafield>
    <datafield tag="520" ind1=" " ind2=" ">
      <subfield code="a">Dans la malle laissée par sa grand-mère Maroussia avant sa mort, Nora découvre des lettres échangées avec son grand-père, Jacob. Féministe avant la révolution, danseuse artistique et communiste ardente, la belle Maroussia a ses propres convictions intellectuelles. Mais les rêves et les ambitions du jeune couple croulent sous le poids de l’histoire soviétique. Et quand Jacob est relégué en Sibérie pour sabotage, même son fils, le père de Nora, lui tourne le dos. 
Le destin du grand amour de ses grands-parents ne reflète cependant que le début des événements qui marqueront la vie de Nora. Scénographe passionnée et assoiffée de liberté, elle choisit elle-même ses amants et ses projets, élève son fils seule et découvre peu à peu la puissance de ces liens avec ses proches. 
Sur les traces de la correspondance de ses propres grands-parents, Ludmila Oulitskaïa conte avec autant de tendresse que d’ironie mélancolique les hauts et les bas, la grande et la petite histoire de quatre générations d’une famille, tout en décrivant délibérément ce XXe siècle russe comme celui des femmes.</subfield>
    </datafield>
  </record>