
  <record>
    <leader>00000cam a2200000zu 4500</leader>
    <datafield tag="024" ind1="8" ind2=" ">
      <subfield code="a">http://cantookstation.com/resources/574e767a28e89ed4dc79968c</subfield>
    </datafield>
    <datafield tag="856" ind1="4" ind2="0">
      <subfield code="u">http://la-chaux-de-fonds.ebibliomedia.ch/resources/574e767a28e89ed4dc79968c</subfield>
    </datafield>
    <datafield tag="245" ind1="0" ind2="0">
      <subfield code="a">Stupor Mundi</subfield>
    </datafield>
    <datafield tag="020" ind1=" " ind2=" ">
      <subfield code="a">9782075058087</subfield>
    </datafield>
    <datafield tag="655" ind1=" " ind2="7">
      <subfield code="a">PDF</subfield>
      <subfield code="2">local</subfield>
    </datafield>
    <datafield tag="720" ind1=" " ind2=" ">
      <subfield code="a">Néjib, </subfield>
      <subfield code="e">author</subfield>
    </datafield>
    <datafield tag="260" ind1=" " ind2=" ">
      <subfield code="b">Gallimard BD</subfield>
    </datafield>
    <datafield tag="260" ind1=" " ind2=" ">
      <subfield code="c">2016-04-07</subfield>
    </datafield>
    <datafield tag="520" ind1=" " ind2=" ">
      <subfield code="a">Au début du XIIIe siècle, Hannibal Qassim El Battouti, un éminent savant arabe, débarque dans les Pouilles à Castel del Monte, refuge d'érudits en tout genre. Accompagné de sa fille Houdê, paralysée, et de El Ghoul, son serviteur masqué, il a dans ses bagages une invention extraordinaire: la photographie. Pour obtenir la protection de Frederic II et continuer ses recherches, il lui faudra retrouver une formule chimique disparue, réaliser un faux saint-suaire... et lutter contre les forces ennemies liguées contre lui. Une aventure médiévale digne du "Nom de la Rose".</subfield>
    </datafield>
  </record>