
  <record>
    <leader>00000cam a2200000zu 4500</leader>
    <datafield tag="024" ind1="8" ind2=" ">
      <subfield code="a">http://cantookstation.com/resources/56175438cdd23087a97978b3</subfield>
    </datafield>
    <datafield tag="856" ind1="4" ind2="0">
      <subfield code="u">http://la-chaux-de-fonds.ebibliomedia.ch/resources/56175438cdd23087a97978b3</subfield>
    </datafield>
    <datafield tag="245" ind1="0" ind2="0">
      <subfield code="a">Djoliba, Fleuve de sang</subfield>
    </datafield>
    <datafield tag="020" ind1=" " ind2=" ">
      <subfield code="a">9782330002848</subfield>
    </datafield>
    <datafield tag="655" ind1=" " ind2="7">
      <subfield code="a">EPUB</subfield>
      <subfield code="2">local</subfield>
    </datafield>
    <datafield tag="720" ind1=" " ind2=" ">
      <subfield code="a">Wagneur, Alain</subfield>
      <subfield code="e">author</subfield>
    </datafield>
    <datafield tag="260" ind1=" " ind2=" ">
      <subfield code="b">Actes Sud Littérature</subfield>
    </datafield>
    <datafield tag="260" ind1=" " ind2=" ">
      <subfield code="c">2013-12-03</subfield>
    </datafield>
    <datafield tag="520" ind1=" " ind2=" ">
      <subfield code="a">Après Terminus plage (Babel noir n° 2) et Hécatombe-les-Bains (Babel noir n° 14), le troisième volet des aventures de Richard Zamanski, cette fois confronté à l'univers de la France-Afrique, aux meurtres rituels et à la pédophilie. Un polar solide aux accents chandlériens qui conjugue avec maestria quelques grandes problématiques contemporaines.</subfield>
    </datafield>
  </record>