
  <record>
    <leader>00000cam a2200000zu 4500</leader>
    <datafield tag="024" ind1="8" ind2=" ">
      <subfield code="a">http://cantookstation.com/resources/58ae84fd235794609aa2ad91</subfield>
    </datafield>
    <datafield tag="856" ind1="4" ind2="0">
      <subfield code="u">http://la-chaux-de-fonds.ebibliomedia.ch/resources/58ae84fd235794609aa2ad91</subfield>
    </datafield>
    <datafield tag="245" ind1="0" ind2="0">
      <subfield code="a">Le Voyage de Lilya</subfield>
    </datafield>
    <datafield tag="020" ind1=" " ind2=" ">
      <subfield code="a">9782207133866</subfield>
    </datafield>
    <datafield tag="655" ind1=" " ind2="7">
      <subfield code="a">EPUB</subfield>
      <subfield code="2">local</subfield>
    </datafield>
    <datafield tag="720" ind1=" " ind2=" ">
      <subfield code="a">Abarbanell, Stephan</subfield>
      <subfield code="e">author</subfield>
    </datafield>
    <datafield tag="260" ind1=" " ind2=" ">
      <subfield code="b">Editions Denoël</subfield>
    </datafield>
    <datafield tag="260" ind1=" " ind2=" ">
      <subfield code="c">2017-02-15</subfield>
    </datafield>
    <datafield tag="520" ind1=" " ind2=" ">
      <subfield code="a">Palestine, 1946. Lilya Wasserfall, jeune femme intrépide, entre dans la résistance contre la puissance internationale mandataire. Sa première mission : partir à la recherche d’un scientifique disparu, Raphael Lind, dans les ruines de l’Europe d’après-guerre. Pour les Anglais, il est mort dans un camp de concentration. Pourtant tout porte à croire que Raphael vit toujours. Commence alors un périple
semé d’embûches qui la conduira de Jérusalem à Londres en passant par le camp de Bergen-Belsen en Allemagne, point d’orgue de son voyage. 
Lilya emmène le lecteur dans sa quête effrénée de vérité, découvrant ainsi des aspects inédits des heures les plus sombres de l’Histoire.</subfield>
    </datafield>
  </record>