
  <record>
    <leader>00000cam a2200000zu 4500</leader>
    <datafield tag="024" ind1="8" ind2=" ">
      <subfield code="a">http://cantookstation.com/resources/58d0cbfa2357943be6ff9415</subfield>
    </datafield>
    <datafield tag="856" ind1="4" ind2="0">
      <subfield code="u">http://la-chaux-de-fonds.ebibliomedia.ch/resources/58d0cbfa2357943be6ff9415</subfield>
    </datafield>
    <datafield tag="245" ind1="0" ind2="0">
      <subfield code="a">Amélia</subfield>
    </datafield>
    <datafield tag="020" ind1=" " ind2=" ">
      <subfield code="a">9782749143064</subfield>
    </datafield>
    <datafield tag="655" ind1=" " ind2="7">
      <subfield code="a">EPUB</subfield>
      <subfield code="2">local</subfield>
    </datafield>
    <datafield tag="720" ind1=" " ind2=" ">
      <subfield code="a">CREIGHT, Kimberly MC</subfield>
      <subfield code="e">author</subfield>
    </datafield>
    <datafield tag="260" ind1=" " ind2=" ">
      <subfield code="b">LE CHERCHE MIDI</subfield>
    </datafield>
    <datafield tag="260" ind1=" " ind2=" ">
      <subfield code="c">2015-08-26</subfield>
    </datafield>
    <datafield tag="520" ind1=" " ind2=" ">
      <subfield code="a">À New York, Kate élève seule sa fille de 15 ans, Amelia. En dépit d'un rythme professionnel soutenu, elle parvient à être à l'écoute de cette adolescente intelligente et responsable, ouverte et bien dans sa peau. Très proches, elles n'ont pas de secrets l'une pour l'autre. C'est en tout cas ce que croit Kate, jusqu'à ce matin d'octobre où elle reçoit un appel de l'école. On lui demande de venir de toute urgence. Lorsqu'elle arrive, Kate se retrouve face à une cohorte d'ambulances et de voitures de police. Elle ne reverra plus jamais sa fille. Amelia a sauté du toit de l'établissement. Désespoir et incompréhension. Pourquoi une jeune fille en apparence si épanouie a-t-elle décidé de mettre fin à ses jours ? Rongée par le chagrin et la culpabilité, Kate tente d'accepter l'inacceptable... Mais un jour, elle reçoit un SMS anonyme qui remet tout en question : " Amelia n'a pas sauté. " Obsédée par cette révélation, Kate s'immisce alors dans la vie privée de sa fille et réalise bientôt qu'elle ne la connaissait pas si bien qu'elle le pensait. À travers les SMS, les mails d'Amelia, les réseaux sociaux, elle va tenter de reconstruire la vie de son enfant afin de comprendre qui elle était vraiment et ce qui l'a poussée à monter sur le toit ce jour-là. La réalité qui l'attend sera beaucoup plus sombre que tout ce qu'elle avait pu imaginer. Une vision singulière du malaise de l'adolescence. Des personnages inoubliables. Un sens du suspense unique. Une critique dithyrambique. Ce premier roman de Kimberly McCreight est un chef-d'œuvre. Nicole Kidman en a acquis les droits d'adaptation cinématographique pour un film produit par HBO.</subfield>
    </datafield>
  </record>