
  <record>
    <leader>00000cam a2200000zu 4500</leader>
    <datafield tag="024" ind1="8" ind2=" ">
      <subfield code="a">http://cantookstation.com/resources/58788581235794524eb92bda</subfield>
    </datafield>
    <datafield tag="856" ind1="4" ind2="0">
      <subfield code="u">http://la-chaux-de-fonds.ebibliomedia.ch/resources/58788581235794524eb92bda</subfield>
    </datafield>
    <datafield tag="245" ind1="0" ind2="0">
      <subfield code="a">Les Herbes folles</subfield>
    </datafield>
    <datafield tag="020" ind1=" " ind2=" ">
      <subfield code="a">9782207136256</subfield>
    </datafield>
    <datafield tag="655" ind1=" " ind2="7">
      <subfield code="a">EPUB</subfield>
      <subfield code="2">local</subfield>
    </datafield>
    <datafield tag="720" ind1=" " ind2=" ">
      <subfield code="a">Fréling, Philippe</subfield>
      <subfield code="e">author</subfield>
    </datafield>
    <datafield tag="260" ind1=" " ind2=" ">
      <subfield code="b">Editions Denoël</subfield>
    </datafield>
    <datafield tag="260" ind1=" " ind2=" ">
      <subfield code="c">2017-01-11</subfield>
    </datafield>
    <datafield tag="520" ind1=" " ind2=" ">
      <subfield code="a">Elle vit quelque part en province, dans la France des années 50, celle de la guerre d’Algérie. Elle connaît un premier homme, il lui fait un enfant. À cet homme on la marie. Il est absent, infidèle. Le divorce prononcé, la jeune femme laisse son enfant à sa mère, part travailler en ville. Ouvreuse dans un cinéma, un soir où on projette Johnny Guitar, elle fait la rencontre d’un deuxième homme. Il est militaire. Ils vont à l’hôtel, passent quelques nuits ensemble. Un matin, le militaire s’en va rejoindre son régiment en Algérie. Lui a-t-il fait un enfant ? Elle le craint. Elle l’espère. Elle décide que oui. Très vite, elle en a la confirmation : elle porte un enfant de cet homme parti là-bas, faire la guerre. Il est le père de son enfant, il faut qu’il le soit. Il est son mari, il faut qu’il le devienne. Elle est prête à tout pour ça. Une question de vie ou de mort. D’amour peut-être. 

Voici l’histoire de cette femme et de ses deux enfants : comment avec elle ils viennent au monde ; comment, dans les herbes folles, ils viennent à la vie.</subfield>
    </datafield>
  </record>