
  <record>
    <leader>00000cam a2200000zu 4500</leader>
    <datafield tag="024" ind1="8" ind2=" ">
      <subfield code="a">http://cantookstation.com/resources/57d24c402357946eeb222e07</subfield>
    </datafield>
    <datafield tag="856" ind1="4" ind2="0">
      <subfield code="u">http://la-chaux-de-fonds.ebibliomedia.ch/resources/57d24c402357946eeb222e07</subfield>
    </datafield>
    <datafield tag="245" ind1="0" ind2="0">
      <subfield code="a">Post-scriptum</subfield>
    </datafield>
    <datafield tag="020" ind1=" " ind2=" ">
      <subfield code="a">9782330069520</subfield>
    </datafield>
    <datafield tag="655" ind1=" " ind2="7">
      <subfield code="a">EPUB</subfield>
      <subfield code="2">local</subfield>
    </datafield>
    <datafield tag="720" ind1=" " ind2=" ">
      <subfield code="a">Sulzer, Alain claude</subfield>
      <subfield code="e">author</subfield>
    </datafield>
    <datafield tag="260" ind1=" " ind2=" ">
      <subfield code="b">chambon</subfield>
    </datafield>
    <datafield tag="260" ind1=" " ind2=" ">
      <subfield code="c">2016-09-06</subfield>
    </datafield>
    <datafield tag="520" ind1=" " ind2=" ">
      <subfield code="a">Dans la quiétude d’un grand palace suisse, Lionel Kupfer, une des plus grandes stars du cinéma allemand, est venu se reposer. Nous sommes en 1933, Lionel est contraint à l’exil parce qu’il est juif, un départ vers les États-Unis encore assombri par la trahison de son amant Eduard, courtier en art, qui devient le fournisseur en œuvres volées ou extorquées des dirigeants nazis, et même du premier d’entre eux : Hitler.</subfield>
    </datafield>
  </record>