
  <record>
    <leader>00000cam a2200000zu 4500</leader>
    <datafield tag="024" ind1="8" ind2=" ">
      <subfield code="a">http://cantookstation.com/resources/5469a7bd3cb5a82f7b7bb8f0</subfield>
    </datafield>
    <datafield tag="856" ind1="4" ind2="0">
      <subfield code="u">http://la-chaux-de-fonds.ebibliomedia.ch/resources/5469a7bd3cb5a82f7b7bb8f0</subfield>
    </datafield>
    <datafield tag="245" ind1="0" ind2="0">
      <subfield code="a">Le Jeune Homme sans avenir</subfield>
    </datafield>
    <datafield tag="020" ind1=" " ind2=" ">
      <subfield code="a">9782021095494</subfield>
    </datafield>
    <datafield tag="655" ind1=" " ind2="7">
      <subfield code="a">EPUB</subfield>
      <subfield code="2">local</subfield>
    </datafield>
    <datafield tag="720" ind1=" " ind2=" ">
      <subfield code="a">Blais, Marie-Claire</subfield>
      <subfield code="e">author</subfield>
    </datafield>
    <datafield tag="260" ind1=" " ind2=" ">
      <subfield code="b">Le Seuil</subfield>
    </datafield>
    <datafield tag="260" ind1=" " ind2=" ">
      <subfield code="c">2012-10-03</subfield>
    </datafield>
    <datafield tag="520" ind1=" " ind2=" ">
      <subfield code="a">Marie-Claire Blais fait circuler les consciences d'un personnage à l'autre, pour décrire un monde moderne qui va à sa perte, malgré la bonne volonté des artistes qui tentent de le changer. Trois scènes simultanées Daniel, écrivain reconnu, père de cinq enfants attend dans un aéroport. Il pense à ses enfants. A la jeune Mai, qu'il va rejoindre à Madrid. A son fils écrivain et à son petit-fils Rudolph, l'enfant sans avenir. Dans la rue, deux sdf adolescents, Fleur, musicien génial et raté, flûtiste et compositeur, pianiste aussi. Il a renoncé à tout. Amoureux d'une pianiste qui triomphe sur les scènes du monde et qu'il appelle Clara, pour Clara Schumann, il est lui-même aimé de Kim, autre musicienne ratée, coréenne. Ils font la manche et observent les passants. Enfin, Petites Cendres, travesti drogué, traîne dans son lit, ne veut plus travailler. Les souvenirs du cabaret lui reviennent mais il ne veut pas renouer avec ce monde.</subfield>
    </datafield>
  </record>