
  <record>
    <leader>00000cam a2200000zu 4500</leader>
    <datafield tag="024" ind1="8" ind2=" ">
      <subfield code="a">http://cantookstation.com/resources/546c3c3f3cb5a82f7b7bc254</subfield>
    </datafield>
    <datafield tag="856" ind1="4" ind2="0">
      <subfield code="u">http://la-chaux-de-fonds.ebibliomedia.ch/resources/546c3c3f3cb5a82f7b7bc254</subfield>
    </datafield>
    <datafield tag="245" ind1="0" ind2="0">
      <subfield code="a">Le dernier mot</subfield>
    </datafield>
    <datafield tag="020" ind1=" " ind2=" ">
      <subfield code="a">9782715231337</subfield>
    </datafield>
    <datafield tag="655" ind1=" " ind2="7">
      <subfield code="a">EPUB</subfield>
      <subfield code="2">local</subfield>
    </datafield>
    <datafield tag="720" ind1=" " ind2=" ">
      <subfield code="a">Fournier, Gisèle</subfield>
      <subfield code="e">author</subfield>
    </datafield>
    <datafield tag="260" ind1=" " ind2=" ">
      <subfield code="b">Editions du Mercure de France</subfield>
    </datafield>
    <datafield tag="260" ind1=" " ind2=" ">
      <subfield code="c">2010-08-18</subfield>
    </datafield>
    <datafield tag="520" ind1=" " ind2=" ">
      <subfield code="a">Dans quelques heures, à la levée du jour, j'aurai quitté cette maison. Pour, sûrement, ne plus jamais y revenir. Fuir cette tache rouge sur le mur, et cet œil impitoyable qui m'épie à travers un trou du plafond. Pourtant, j'avais espéré que cet espionnage cesserait le jour où... Presque tous ont dit que c'était un accident, tu as voulu ramasser un chiffon qui était tombé sur le rebord de la fenêtre, tu t'es penché un peu trop, et puis... Les autres ont avancé l'hypothèse du suicide, tu étais dépressif, l'armoire à pharmacie était bourrée de médicaments... Je ne sais plus. Tout s'emmêle. Une confusion extrême agite la narratrice : elle a d'abord soupçonné son mari d'avoir voulu l'assassiner. Maintenant qu'il a basculé par la fenêtre, elle ne sait plus quoi penser. Pourtant la peur et l'angoisse demeurent : des sentiments impossibles à partager, confiés à des cahiers où elle s'exprime tantôt à la première personne, tantôt spectatrice d'elle-même, dans un dédoublement vertigineux. Retrouver la paix lui sera-t-il possible? Avec une grande précison clinique et le souci du détail qui caractérise son style, Gisèle Fournier décrit le parcours d'une femme qui s'enfonce dans une dépression.</subfield>
    </datafield>
  </record>