
  <record>
    <leader>00000cam a2200000zu 4500</leader>
    <datafield tag="024" ind1="8" ind2=" ">
      <subfield code="a">http://cantookstation.com/resources/5469a7bd3cb5a82f7b7bb984</subfield>
    </datafield>
    <datafield tag="856" ind1="4" ind2="0">
      <subfield code="u">http://la-chaux-de-fonds.ebibliomedia.ch/resources/5469a7bd3cb5a82f7b7bb984</subfield>
    </datafield>
    <datafield tag="245" ind1="0" ind2="0">
      <subfield code="a">Le Monde du bout du monde</subfield>
    </datafield>
    <datafield tag="020" ind1=" " ind2=" ">
      <subfield code="a">9782864247968</subfield>
    </datafield>
    <datafield tag="655" ind1=" " ind2="7">
      <subfield code="a">EPUB</subfield>
      <subfield code="2">local</subfield>
    </datafield>
    <datafield tag="720" ind1=" " ind2=" ">
      <subfield code="a">Sepúlveda, Luis</subfield>
      <subfield code="e">author</subfield>
    </datafield>
    <datafield tag="260" ind1=" " ind2=" ">
      <subfield code="b">Anne-Marie Métailié</subfield>
    </datafield>
    <datafield tag="260" ind1=" " ind2=" ">
      <subfield code="c">2011-06-30</subfield>
    </datafield>
    <datafield tag="520" ind1=" " ind2=" ">
      <subfield code="a">Un garçon de seize ans lit Moby Dick et part chasser la baleine. Un baleinier industriel japonais fait un étrange naufrage à l'extrême sud de la Patagonie. Un journaliste chilien exilé à Hambourg mène l'enquête et ce retour sur les lieux de son adolescence lui fait rencontrer des personnages simples et hors du commun, tous amoureux de l'Antarctique et de ses paysages sauvages. Il nous entraîne derrière l'inoubliable capitaine Nilssen, fils d'un marin danois et d'une Indienne Ona, parmi les récifs du Cap Horn, sur une mer hantée par les légendes des pirates et des Indiens disparus, vers des haleines redevenues mythiques.</subfield>
    </datafield>
  </record>