
  <record>
    <leader>00000cam a2200000zu 4500</leader>
    <datafield tag="024" ind1="8" ind2=" ">
      <subfield code="a">http://cantookstation.com/resources/5469a7bd3cb5a82f7b7bb7a6</subfield>
    </datafield>
    <datafield tag="856" ind1="4" ind2="0">
      <subfield code="u">http://la-chaux-de-fonds.ebibliomedia.ch/resources/5469a7bd3cb5a82f7b7bb7a6</subfield>
    </datafield>
    <datafield tag="245" ind1="0" ind2="0">
      <subfield code="a">Index</subfield>
    </datafield>
    <datafield tag="020" ind1=" " ind2=" ">
      <subfield code="a">9782072499456</subfield>
    </datafield>
    <datafield tag="655" ind1=" " ind2="7">
      <subfield code="a">EPUB</subfield>
      <subfield code="2">local</subfield>
    </datafield>
    <datafield tag="720" ind1=" " ind2=" ">
      <subfield code="a">Laurens, Camille</subfield>
      <subfield code="e">author</subfield>
    </datafield>
    <datafield tag="260" ind1=" " ind2=" ">
      <subfield code="b">Editions Gallimard</subfield>
    </datafield>
    <datafield tag="260" ind1=" " ind2=" ">
      <subfield code="c">2014-05-26</subfield>
    </datafield>
    <datafield tag="520" ind1=" " ind2=" ">
      <subfield code="a">Vous achetez un livre au hasard d'un voyage, vous le parcourez sans méfiance quand soudain vous comprenez qu'un auteur indélicat y révèle votre secret le plus intime. Tout vous montre du doigt, c'est votre vie, vous vous y reconnaissez. Mais lui, qui est-il, qui lui a raconté ? Commence alors une enquête dont la rigoureuse progression alphabétique se heurte à la multiplicité des interprétations, où rencontres, souvenirs et affabulations déforment votre vérité.
C'est à ce chassé-croisé entre lecteur et auteur que vous invite Index. À travers les interrogations d'une jeune femme confrontée à sa propre histoire est posée avec insolence la question clef du roman, qui est de savoir, en tout récit, qui parle.</subfield>
    </datafield>
  </record>