
  <record>
    <leader>00000cam a2200000zu 4500</leader>
    <datafield tag="024" ind1="8" ind2=" ">
      <subfield code="a">http://cantookstation.com/resources/5ad82ce42357943f5fbe066f</subfield>
    </datafield>
    <datafield tag="856" ind1="4" ind2="0">
      <subfield code="u">http://la-chaux-de-fonds.ebibliomedia.ch/resources/5ad82ce42357943f5fbe066f</subfield>
    </datafield>
    <datafield tag="245" ind1="0" ind2="0">
      <subfield code="a">Le dernier violon de Menuhin</subfield>
    </datafield>
    <datafield tag="020" ind1=" " ind2=" ">
      <subfield code="a">9782714478078</subfield>
    </datafield>
    <datafield tag="655" ind1=" " ind2="7">
      <subfield code="a">EPUB</subfield>
      <subfield code="2">local</subfield>
    </datafield>
    <datafield tag="720" ind1=" " ind2=" ">
      <subfield code="a">BONNOT, Xavier-Marie</subfield>
      <subfield code="e">author</subfield>
    </datafield>
    <datafield tag="260" ind1=" " ind2=" ">
      <subfield code="b">Belfond</subfield>
    </datafield>
    <datafield tag="260" ind1=" " ind2=" ">
      <subfield code="c">2017-08-16</subfield>
    </datafield>
    <datafield tag="520" ind1=" " ind2=" ">
      <subfield code="a">Les orphelins de l'enfance resteront toujours des adultes abandonnés. Rodolphe Meyer était violoniste célèbre. Le public l'adulait, les critiques l'encensaient. Mais l'alcool a vaincu l'artiste.  Reclus dans une vieille ferme dont il vient d'hériter, Meyer vit ses derniers jours en compagnie du prestigieux Lord Wilton, le dernier violon de Yehudi Menuhin, modèle absolu de Rodolphe. Un matin d'hiver, alors que sa raison vacille, son double surgit de la nature sauvage et interroge l'artiste sur sa part d'ombre. Sur sa vérité. Roman intimiste au cœur des grands espaces, tour à tour hostiles ou bienveillants, Le dernier violon de Menuhin nous bouleverse par ce qu'il révèle de la solitude des hommes, au sommet de leur art... ou simples mortels.</subfield>
    </datafield>
  </record>