
  <record>
    <leader>00000cam a2200000zu 4500</leader>
    <datafield tag="024" ind1="8" ind2=" ">
      <subfield code="a">http://cantookstation.com/resources/58e332ec2357941ee4d6cee6</subfield>
    </datafield>
    <datafield tag="856" ind1="4" ind2="0">
      <subfield code="u">http://la-chaux-de-fonds.ebibliomedia.ch/resources/58e332ec2357941ee4d6cee6</subfield>
    </datafield>
    <datafield tag="245" ind1="0" ind2="0">
      <subfield code="a">Nous autres simples mortels</subfield>
    </datafield>
    <datafield tag="020" ind1=" " ind2=" ">
      <subfield code="a">9782075074599</subfield>
    </datafield>
    <datafield tag="655" ind1=" " ind2="7">
      <subfield code="a">EPUB</subfield>
      <subfield code="2">local</subfield>
    </datafield>
    <datafield tag="720" ind1=" " ind2=" ">
      <subfield code="a">Ness, Patrick</subfield>
      <subfield code="e">author</subfield>
    </datafield>
    <datafield tag="260" ind1=" " ind2=" ">
      <subfield code="b">Gallimard Jeunesse</subfield>
    </datafield>
    <datafield tag="260" ind1=" " ind2=" ">
      <subfield code="c">2016-11-20</subfield>
    </datafield>
    <datafield tag="520" ind1=" " ind2=" ">
      <subfield code="a">Et si vous n'étiez pas l'Élu ?
Si vous n'étiez pas destiné à être un héros ? Celui qui est censé combattre les zombies, ou ce nouveau truc, là, complètement dingue, avec les lumières bleues. Il y a des choses tellement plus importantes que la énième fin du monde! Si vous étiez comme Mikey ? Qui veut simplement avoir son bac, passer ce dernier été avec ses amis et, enfin, embrasser Henna (ou plus). Juste se sentir capable de découvrir l'extraordinaire dans sa vie si ordinaire...

Laissez-vous entraîner à travers le prisme fascinant d'adolescents attachants, avec leurs fêlures et leurs rêves. Récompensé par les prix littéraires les plus prestigieux, auteur de la brillante trilogie "Le chaos en marche», de «Et plus encore", et de "Quelques minutes après minuit", Patrick Ness mêle ici réel et fantastique de façon tout à fait originale. Percutant de justesse et de sensibilité.</subfield>
    </datafield>
  </record>