
  <record>
    <leader>00000cam a2200000zu 4500</leader>
    <datafield tag="024" ind1="8" ind2=" ">
      <subfield code="a">http://cantookstation.com/resources/58538d6d235794593eed2810</subfield>
    </datafield>
    <datafield tag="856" ind1="4" ind2="0">
      <subfield code="u">http://la-chaux-de-fonds.ebibliomedia.ch/resources/58538d6d235794593eed2810</subfield>
    </datafield>
    <datafield tag="245" ind1="0" ind2="0">
      <subfield code="a">Les Crocodiles</subfield>
    </datafield>
    <datafield tag="020" ind1=" " ind2=" ">
      <subfield code="a">9782803689026</subfield>
    </datafield>
    <datafield tag="655" ind1=" " ind2="7">
      <subfield code="a">PDF</subfield>
      <subfield code="2">local</subfield>
    </datafield>
    <datafield tag="720" ind1=" " ind2=" ">
      <subfield code="a">Mathieu, Thomas</subfield>
      <subfield code="e">author</subfield>
    </datafield>
    <datafield tag="260" ind1=" " ind2=" ">
      <subfield code="b">Le Lombard</subfield>
    </datafield>
    <datafield tag="260" ind1=" " ind2=" ">
      <subfield code="c">2016-11-27</subfield>
    </datafield>
    <datafield tag="520" ind1=" " ind2=" ">
      <subfield code="a">Thomas Mathieu illustre des témoignages de femmes liés aux problématiques comme le harcèlement de rue, le machisme et le sexisme ordinaire. Son travail s'inscrit dans un mouvement plus large de prise de conscience et d'une nouvelle génération de féministes qui utilisent internet pour réfléchir et informer sur des concepts tels le "slut-shaming" ou le "privilège masculin".

Dans ses planches, les décors et les personnages féminins sont traités en noir et blanc de manière réaliste tandis que les hommes sont représentés sous la forme de crocodiles verts. Le lecteur ou la lectrice est invité à épouser le point de vue de la femme qui témoigne et à questionner le comportement des crocodiles particulièrement quand ils endossent le rôle stéréotypé de dragueurs/ prédateurs/dominants.</subfield>
    </datafield>
  </record>