
  <record>
    <leader>00000cam a2200000zu 4500</leader>
    <datafield tag="024" ind1="8" ind2=" ">
      <subfield code="a">http://cantookstation.com/resources/5469a7bd3cb5a82f7b7bb8e2</subfield>
    </datafield>
    <datafield tag="856" ind1="4" ind2="0">
      <subfield code="u">http://la-chaux-de-fonds.ebibliomedia.ch/resources/5469a7bd3cb5a82f7b7bb8e2</subfield>
    </datafield>
    <datafield tag="245" ind1="0" ind2="0">
      <subfield code="a">Sans feu ni lieu</subfield>
    </datafield>
    <datafield tag="020" ind1=" " ind2=" ">
      <subfield code="a">9782878586374</subfield>
    </datafield>
    <datafield tag="655" ind1=" " ind2="7">
      <subfield code="a">EPUB</subfield>
      <subfield code="2">local</subfield>
    </datafield>
    <datafield tag="720" ind1=" " ind2=" ">
      <subfield code="a">Vargas, Fred</subfield>
      <subfield code="e">author</subfield>
    </datafield>
    <datafield tag="260" ind1=" " ind2=" ">
      <subfield code="b">Viviane Hamy</subfield>
    </datafield>
    <datafield tag="260" ind1=" " ind2=" ">
      <subfield code="c">2012-03-14</subfield>
    </datafield>
    <datafield tag="520" ind1=" " ind2=" ">
      <subfield code="a">" Un coupable idéal doucement timbré, quatre justiciers branquignols et des osselets. Sans feu ni lieu, comme les quatre précédents romans policiers de Fred Vargas, mise sur le décalage et l'absurde. " LibérationPourquoi Louis Kehlweiler dit l'Allemand, Marc, Lucien et Mathias – retranchés dans leur baraque pourrie de la rue Chasle à Paris -, s'intéressent-ils à un simplet à tête d'imbécile pas franchement sympathique, dont la culpabilité ne fait de doute pour personne, même pas pour eux ? Pourquoi tiennent-ils à sauver ce Clément Vauquer, un détraqué recherché par toutes les polices de Nevers et de Paris pour les assassinats effroyables d'au moins deux jeunes femmes ?</subfield>
    </datafield>
  </record>