
  <record>
    <leader>00000cam a2200000zu 4500</leader>
    <datafield tag="024" ind1="8" ind2=" ">
      <subfield code="a">http://cantookstation.com/resources/59421ee12357943a0896faa3</subfield>
    </datafield>
    <datafield tag="856" ind1="4" ind2="0">
      <subfield code="u">http://la-chaux-de-fonds.ebibliomedia.ch/resources/59421ee12357943a0896faa3</subfield>
    </datafield>
    <datafield tag="245" ind1="0" ind2="0">
      <subfield code="a">Prends-moi pour une cruche</subfield>
    </datafield>
    <datafield tag="020" ind1=" " ind2=" ">
      <subfield code="a">9782221200360</subfield>
    </datafield>
    <datafield tag="655" ind1=" " ind2="7">
      <subfield code="a">EPUB</subfield>
      <subfield code="2">local</subfield>
    </datafield>
    <datafield tag="720" ind1=" " ind2=" ">
      <subfield code="a">APIOU, Delphine</subfield>
      <subfield code="e">author</subfield>
    </datafield>
    <datafield tag="260" ind1=" " ind2=" ">
      <subfield code="b">Robert Laffont</subfield>
    </datafield>
    <datafield tag="260" ind1=" " ind2=" ">
      <subfield code="c">2017-03-01</subfield>
    </datafield>
    <datafield tag="520" ind1=" " ind2=" ">
      <subfield code="a">Ce livre est né chez le coiffeur.  " Vous avez les pointes sèches, on va faire un masque... Les cheveux aussi ressentent le stress, vous savez... Avec les vies de fous qu'on mène... En tout cas, vous ne faites pas votre âge ! " Ce compliment capillo-facial m'a fait vraiment plaisir... jusqu'à ce que je réalise que la coiffeuse – que je voyais pour la première fois – ne connaissait pas mon âge. Et là, bingo, je me suis demandé pourquoi ça me réjouissait et pourquoi c'était mieux de ne pas faire son âge. J'ai trouvé ça complètement con. Je me suis trouvée complètement con. Puis je me suis dit qu'il devait exister d'autres situations, d'autres idées débiles, d'autres panneaux dans lesquels je tombais. J'en ai trouvé plein, ils sont tous dans ce livre. Pourquoi ? Pour dire aux femmes d'arrêter de gober toutes les âneries qu'on leur raconte. Elles s'en sentiront beaucoup mieux.</subfield>
    </datafield>
  </record>