
  <record>
    <leader>00000cam a2200000zu 4500</leader>
    <datafield tag="024" ind1="8" ind2=" ">
      <subfield code="a">http://cantookstation.com/resources/5aa22d882357942cfabad799</subfield>
    </datafield>
    <datafield tag="856" ind1="4" ind2="0">
      <subfield code="u">http://la-chaux-de-fonds.ebibliomedia.ch/resources/5aa22d882357942cfabad799</subfield>
    </datafield>
    <datafield tag="245" ind1="0" ind2="0">
      <subfield code="a">Comme ils vivaient - A la recherche des derniers Jjuifs de Lituanie</subfield>
    </datafield>
    <datafield tag="020" ind1=" " ind2=" ">
      <subfield code="a">9782021368192</subfield>
    </datafield>
    <datafield tag="655" ind1=" " ind2="7">
      <subfield code="a">EPUB</subfield>
      <subfield code="2">local</subfield>
    </datafield>
    <datafield tag="720" ind1=" " ind2=" ">
      <subfield code="a">Gregor, Jean</subfield>
      <subfield code="e">author</subfield>
    </datafield>
    <datafield tag="720" ind1=" " ind2=" ">
      <subfield code="a">Pean, Pierre</subfield>
      <subfield code="e">author</subfield>
    </datafield>
    <datafield tag="260" ind1=" " ind2=" ">
      <subfield code="b">Le Seuil</subfield>
    </datafield>
    <datafield tag="260" ind1=" " ind2=" ">
      <subfield code="c">2018-03-07</subfield>
    </datafield>
    <datafield tag="520" ind1=" " ind2=" ">
      <subfield code="a">137 346. C'est le nombre de Juifs assassinés en cinq mois par le colonel SS Karl Jäger, responsable des Einsatzgruppen de Lituanie. Dans un rapport glaçant, daté du 1er décembre 1941, ces meurtres sont consignés en détail. Jean Grégor, lorsqu'il découvre le rapport, refuse l'idée que des vies soient réduites à une ligne dans un document administratif. Il décide alors avec son père, Pierre Péan, de reconstituer le monde perdu de ces Juifs, englouti par la machine à broyer nazie.  Partant de témoignages des descendants, des survivants, de souvenirs intimes, de photos et de lettres, ils cheminent entre l'histoire des victimes et celle des bourreaux, pour mieux appréhender ce moment unique de l'histoire du génocide des Juifs. Quelles étaient les motivations des assassins ? Dans quel plan dément se situe ces meurtres de masse ? Pourquoi l'histoire n'a pas retenu ceux qui furent anéantis avant la mise en place de l'industrie de la mort symbolisée par Auschwitz ? Telles sont les questions auxquelles père et fils tentent de répondre ensemble, interrogeant historiens, yiddishistes, procureurs, qui jouent tous ici le rôle de passeurs et de guides. C'est l'image d'un peuple amoureux des livres, des langues et de la culture qui revit, nous rappelant, de manière frappante, à quel point ces gens assassinés nous ressemblaient.</subfield>
    </datafield>
  </record>