
  <record>
    <leader>00000cam a2200000zu 4500</leader>
    <datafield tag="024" ind1="8" ind2=" ">
      <subfield code="a">http://cantookstation.com/resources/560630cfcdd23087a9796530</subfield>
    </datafield>
    <datafield tag="856" ind1="4" ind2="0">
      <subfield code="u">http://la-chaux-de-fonds.ebibliomedia.ch/resources/560630cfcdd23087a9796530</subfield>
    </datafield>
    <datafield tag="245" ind1="0" ind2="0">
      <subfield code="a">Les évaporés</subfield>
    </datafield>
    <datafield tag="020" ind1=" " ind2=" ">
      <subfield code="a">9782081316553</subfield>
    </datafield>
    <datafield tag="655" ind1=" " ind2="7">
      <subfield code="a">EPUB</subfield>
      <subfield code="2">local</subfield>
    </datafield>
    <datafield tag="720" ind1=" " ind2=" ">
      <subfield code="a">Reverdy, Thomas B.</subfield>
      <subfield code="e">author</subfield>
    </datafield>
    <datafield tag="260" ind1=" " ind2=" ">
      <subfield code="b">Flammarion</subfield>
    </datafield>
    <datafield tag="260" ind1=" " ind2=" ">
      <subfield code="c">2013-08-20</subfield>
    </datafield>
    <datafield tag="520" ind1=" " ind2=" ">
      <subfield code="a">Ici, lorsque quelqu’un disparaît, on dit simplement qu’il s’est évaporé, personne ne le recherche, ni la police parce qu’il n’y a pas de crime, ni la famille parce qu’elle est déshonorée. Partir sans donner d’explication, c’est précisément ce que Kaze a fait cette nuit-là. Comment peut-on s’évaporer si facilement ? Et pour quelles raisons ? C’est ce qu’aimerait comprendre Richard B. en accompagnant Yukiko au Japon pour retrouver son père, Kaze. Pour cette femme qu’il aime encore, il mènera l’enquête dans un Japon parallèle, celui du quartier des travailleurs pauvres de San’ya à Tokyo et des camps de réfugiés autour de Sendai. Mais, au fait : pourquoi rechercher celui qui a voulu disparaître ?

Les évaporés se lit à la fois comme un roman policier, une quête existentielle et un roman d’amour. D’une façon sensible et poétique, il nous parle du Japon contemporain, de Fukushima et des yakuzas, mais aussi du mystère que l’on est les uns pour les autres, du chagrin amoureux et de notre désir, parfois, de prendre la fuite.</subfield>
    </datafield>
  </record>