
  <record>
    <leader>00000cam a2200000zu 4500</leader>
    <datafield tag="024" ind1="8" ind2=" ">
      <subfield code="a">http://cantookstation.com/resources/5ae1676e2357942ce1cee53d</subfield>
    </datafield>
    <datafield tag="856" ind1="4" ind2="0">
      <subfield code="u">http://la-chaux-de-fonds.ebibliomedia.ch/resources/5ae1676e2357942ce1cee53d</subfield>
    </datafield>
    <datafield tag="245" ind1="0" ind2="0">
      <subfield code="a">100 jours sans supermarché. Le premier guide des circuits courts</subfield>
    </datafield>
    <datafield tag="020" ind1=" " ind2=" ">
      <subfield code="a">9782081416673</subfield>
    </datafield>
    <datafield tag="655" ind1=" " ind2="7">
      <subfield code="a">EPUB</subfield>
      <subfield code="2">local</subfield>
    </datafield>
    <datafield tag="720" ind1=" " ind2=" ">
      <subfield code="a">Golla, Mathilde</subfield>
      <subfield code="e">author</subfield>
    </datafield>
    <datafield tag="260" ind1=" " ind2=" ">
      <subfield code="b">Flammarion</subfield>
    </datafield>
    <datafield tag="260" ind1=" " ind2=" ">
      <subfield code="c">2018-02-27</subfield>
    </datafield>
    <datafield tag="520" ind1=" " ind2=" ">
      <subfield code="a">« Après une rencontre décisive avec un producteur et la découverte des dommages causés par la grande distribution sur le monde agricole, j’ai décidé de me passer des supermarchés pour consommer exclusivement en circuits courts. 
Ce qui était un défi a bouleversé mes habitudes. L’expérience m’a permis de découvrir un nouveau monde, celui des produits fermiers, des saveurs oubliées et des circuits salvateurs pour les agriculteurs. J’ai appris à me nourrir différemment pour être en meilleure santé, tout en respectant la planète. J’ai compris qu’on pouvait dépenser moins en consommant mieux. 
Ce défi m’a aussi permis de découvrir des solutions alternatives partout en France, d’enquêter sur les réseaux de ventes directes du producteur au consommateur en plein essor, de dénicher les bonnes adresses et, cerise sur le panier, de me sentir en pleine forme. » 
Une aventure moderne qui donne envie de consommer autrement, pour aider les producteurs tout en prenant soin de soi, des autres et du monde qui nous entoure. 

Préface de Cyril Dion, réalisateur, avec Mélanie Laurent, du documentaire Demain et cofondateur avec Pierre Rabhi du mouvement Colibris.</subfield>
    </datafield>
  </record>