
  <record>
    <leader>00000cam a2200000zu 4500</leader>
    <datafield tag="024" ind1="8" ind2=" ">
      <subfield code="a">http://cantookstation.com/resources/59d0819a2357940b4890521d</subfield>
    </datafield>
    <datafield tag="856" ind1="4" ind2="0">
      <subfield code="u">http://la-chaux-de-fonds.ebibliomedia.ch/resources/59d0819a2357940b4890521d</subfield>
    </datafield>
    <datafield tag="245" ind1="0" ind2="0">
      <subfield code="a">L'Ange rouge</subfield>
    </datafield>
    <datafield tag="020" ind1=" " ind2=" ">
      <subfield code="a">9782021091526</subfield>
    </datafield>
    <datafield tag="655" ind1=" " ind2="7">
      <subfield code="a">EPUB</subfield>
      <subfield code="2">local</subfield>
    </datafield>
    <datafield tag="720" ind1=" " ind2=" ">
      <subfield code="a">Gürsel, Nedim</subfield>
      <subfield code="e">author</subfield>
    </datafield>
    <datafield tag="260" ind1=" " ind2=" ">
      <subfield code="b">Le Seuil</subfield>
    </datafield>
    <datafield tag="260" ind1=" " ind2=" ">
      <subfield code="c">2012-09-19</subfield>
    </datafield>
    <datafield tag="520" ind1=" " ind2=" ">
      <subfield code="a">Lauréat du Prix Méditerranée Etranger 2013.Le biographe turc de Nâzim Hikmet se rend à Berlin, où un mystérieux personnage lui a donné rendez-vous afin de lui remettre des dossiers très importants concernant le poète. A leur lecture, il comprend qu'il s'agit de documents de police concernant la vie privée et l'engagement de Hikmet, alors réfugié en Europe de l'Est après avoir connu la prison dans son pays, et que son interlocuteur, qui se fait appeler " Ange ", n'est autre qu'un ancien agent de la Stasi.Celui-ci, homosexuel et " vieux fusil " avait été amoureux du poète et de sa cause. Dans une longue évocation de Berlin avant et après la chute du mur, le biographe s'interroge sur ce personnage ambigu et sur les tragédies du 20ème siècle et se souvient aussi de son grand amour, une chanteuse de cabaret dont il ignore qu'elle travaille désormais dans un lupanar sordide de la capitale de l'Allemagne unifiée.Construit en trois parties à la jonction d'Istanbul, Moscou et Berlin, ce roman rassemble tout ce qui traverse l'œuvre de Nedim Gürsel: sa passion pour les villes et leur littérature, pour la Turquie et son histoire, pour l'errance et la poésie.Né en Turquie en 1951, Nedim Gürsel est l'auteur d'une trentaine d'ouvrages, romans, nouvelles, récits de voyage, essais littéraires. Lauréat de plusieurs grands prix littéraires, dont le Prix France-Turquie, il occupe une place primordiale dans la littérature de son pays et son œuvre est traduite dans de nombreuses langues. Il vit à Paris, où il est directeur de recherche au CNRS et enseigne à l'École des langues orientales.Traduit du turc par Jean Descat</subfield>
    </datafield>
  </record>