
  <record>
    <leader>00000cam a2200000zu 4500</leader>
    <datafield tag="024" ind1="8" ind2=" ">
      <subfield code="a">http://cantookstation.com/resources/5a1911c52357944e8fb3a7a7</subfield>
    </datafield>
    <datafield tag="856" ind1="4" ind2="0">
      <subfield code="u">http://la-chaux-de-fonds.ebibliomedia.ch/resources/5a1911c52357944e8fb3a7a7</subfield>
    </datafield>
    <datafield tag="245" ind1="0" ind2="0">
      <subfield code="a">À malin, malin et demi</subfield>
    </datafield>
    <datafield tag="020" ind1=" " ind2=" ">
      <subfield code="a">9782710378129</subfield>
    </datafield>
    <datafield tag="655" ind1=" " ind2="7">
      <subfield code="a">EPUB</subfield>
      <subfield code="2">local</subfield>
    </datafield>
    <datafield tag="720" ind1=" " ind2=" ">
      <subfield code="a">Russo, Richard</subfield>
      <subfield code="e">author</subfield>
    </datafield>
    <datafield tag="260" ind1=" " ind2=" ">
      <subfield code="b">Editions de la Table Ronde</subfield>
    </datafield>
    <datafield tag="260" ind1=" " ind2=" ">
      <subfield code="c">2017-08-23</subfield>
    </datafield>
    <datafield tag="520" ind1=" " ind2=" ">
      <subfield code="a">Quand Douglas Raymer était collégien, son professeur d’anglais écrivait en marge de ses rédactions : "Qui es-tu, Douglas ?" Trente ans plus tard, Raymer n’a pas bougé de North Bath, et ne sait toujours pas répondre à la question. Dégarni, enclin à l’embonpoint, il est veuf d'une femme qui s’apprêtait à le quitter. Pour qui ? Voilà une autre question qui torture ce policier à l’uniforme mal taillé. De l’autre côté de la ville, Sully, vieux loup de mer septuagénaire, passe sa retraite sur un tabouret de bar, à boire, fumer et tenter d’encaisser le diagnostic des cardiologues : "Deux années, grand maximum." Raymer et Sully sont les deux piliers branlants d’une ville bâtie de travers. Quand un mur de l’usine s’écroule, tous ses habitants – du fossoyeur bègue au promoteur immobilier véreux, en passant par la femme du maire et sa case en moins – sont pris dans la tempête. De courses-poursuites en confessions, de bagarres en révélations, Raymer, Sully et les autres vont apprendre à affronter les grandes misères de leurs petites existences. 
C’est avec un plaisir communicatif que Richard Russo retrouve ici les personnages d’Un homme presque parfait, et nous livre une symphonie humaine féroce et déjantée.</subfield>
    </datafield>
  </record>