
  <record>
    <leader>00000cam a2200000zu 4500</leader>
    <datafield tag="024" ind1="8" ind2=" ">
      <subfield code="a">http://cantookstation.com/resources/59d0819a2357940b48905331</subfield>
    </datafield>
    <datafield tag="856" ind1="4" ind2="0">
      <subfield code="u">http://la-chaux-de-fonds.ebibliomedia.ch/resources/59d0819a2357940b48905331</subfield>
    </datafield>
    <datafield tag="245" ind1="0" ind2="0">
      <subfield code="a">Ghetto</subfield>
    </datafield>
    <datafield tag="020" ind1=" " ind2=" ">
      <subfield code="a">9782021026092</subfield>
    </datafield>
    <datafield tag="655" ind1=" " ind2="7">
      <subfield code="a">EPUB</subfield>
      <subfield code="2">local</subfield>
    </datafield>
    <datafield tag="720" ind1=" " ind2=" ">
      <subfield code="a">Chambaz, Bernard</subfield>
      <subfield code="e">author</subfield>
    </datafield>
    <datafield tag="260" ind1=" " ind2=" ">
      <subfield code="b">Le Seuil</subfield>
    </datafield>
    <datafield tag="260" ind1=" " ind2=" ">
      <subfield code="c">2010-09-23</subfield>
    </datafield>
    <datafield tag="520" ind1=" " ind2=" ">
      <subfield code="a">" Mon père a été enfant de chœur puis marxiste zélé. Quand il est mort, ma mère l'a enterré en pyjama et en chaussettes, bleu clair le pyjama, bleu foncé les chaussettes.Il a traversé une dernière fois la Seine puis remonté les Grands Boulevards qu'il avait si souvent descendus. Avant midi, le fourgon s'est arrêté devant la barrière au bout de l'avenue Rachel.Les croque-morts ont porté le cercueil à travers le fouillis des tombes, sous les tilleuls, jusqu'au tombeau. Mon père est le quinzième sur seize. Il est le seul gentil. Après la cérémonie, les fossoyeurs ont descellé la pierre de granit ocre où seront bientôt gravées les bornes de sa vie. "B. C.Bernard Chambaz est né en 1943. Poète, romancier, il a notamment publié L'Arbre de vies (1992), qui a obtenu le Goncourt du premier roman, et Martin cet été (1994).</subfield>
    </datafield>
  </record>