
  <record>
    <leader>00000cam a2200000zu 4500</leader>
    <datafield tag="024" ind1="8" ind2=" ">
      <subfield code="a">http://cantookstation.com/resources/561c9a56cdd23087a9797aac</subfield>
    </datafield>
    <datafield tag="856" ind1="4" ind2="0">
      <subfield code="u">http://la-chaux-de-fonds.ebibliomedia.ch/resources/561c9a56cdd23087a9797aac</subfield>
    </datafield>
    <datafield tag="245" ind1="0" ind2="0">
      <subfield code="a">Dépressions</subfield>
    </datafield>
    <datafield tag="020" ind1=" " ind2=" ">
      <subfield code="a">9782072461347</subfield>
    </datafield>
    <datafield tag="655" ind1=" " ind2="7">
      <subfield code="a">EPUB</subfield>
      <subfield code="2">local</subfield>
    </datafield>
    <datafield tag="720" ind1=" " ind2=" ">
      <subfield code="a">Müller, Herta</subfield>
      <subfield code="e">author</subfield>
    </datafield>
    <datafield tag="260" ind1=" " ind2=" ">
      <subfield code="b">Editions Gallimard</subfield>
    </datafield>
    <datafield tag="260" ind1=" " ind2=" ">
      <subfield code="c">2015-10-07</subfield>
    </datafield>
    <datafield tag="520" ind1=" " ind2=" ">
      <subfield code="a">"Cinq heures et demie du matin. Le réveil sonne. 
Je me lève, enlève ma robe, la pose sur l'oreiller, mets mon pyjama, vais à la cuisine, monte dans la baignoire, saisis une serviette, lave mon visage, prends le peigne, me sèche avec, prends ma brosse à dents, me
coiffe avec, prends l'éponge, me lave les dents avec. Ensuite je vais à la salle de bain, mange une tranche de thé et bois une tartine de pain. 
J'enlève ma montre et mes bagues. 
Je quitte mes chaussures. 
Je vais dans l'escalier, j'ouvre la porte de l'appartement. Avec l'ascenseur je vais du cinquième au premier étage. 
Puis je monte les neuf étages et je suis dans la rue. 
À l'épicerie je m'achète un journal, ensuite je vais à l'arrêt du bus, m'achète un croissant et arrivée au kiosque à journaux je monte dans
le tram. 
Trois stations avant d'y être montée je descends. 
Je réponds au salut du portier avant qu'il me salue, c'est une fois de
plus lundi et encore une fois une semaine qui s'achève. 
J'entre dans le bureau, je dis au revoir, accroche ma veste à la table, m'assieds sur le porte-manteau et me mets à travailler. Je travaille huit heures."</subfield>
    </datafield>
  </record>