
  <record>
    <leader>00000cam a2200000zu 4500</leader>
    <datafield tag="024" ind1="8" ind2=" ">
      <subfield code="a">http://cantookstation.com/resources/5b04ffd92357945148014c69</subfield>
    </datafield>
    <datafield tag="856" ind1="4" ind2="0">
      <subfield code="u">http://la-chaux-de-fonds.ebibliomedia.ch/resources/5b04ffd92357945148014c69</subfield>
    </datafield>
    <datafield tag="245" ind1="0" ind2="0">
      <subfield code="a">2h Chrono pour déconnecter (et se retrouver)</subfield>
    </datafield>
    <datafield tag="020" ind1=" " ind2=" ">
      <subfield code="a">9782100783878</subfield>
    </datafield>
    <datafield tag="655" ind1=" " ind2="7">
      <subfield code="a">PDF</subfield>
      <subfield code="2">local</subfield>
    </datafield>
    <datafield tag="720" ind1=" " ind2=" ">
      <subfield code="a">Boutin, Virginie</subfield>
      <subfield code="e">author</subfield>
    </datafield>
    <datafield tag="720" ind1=" " ind2=" ">
      <subfield code="a">Broucaret, Fabienne</subfield>
      <subfield code="e">author</subfield>
    </datafield>
    <datafield tag="260" ind1=" " ind2=" ">
      <subfield code="b">Dunod</subfield>
    </datafield>
    <datafield tag="260" ind1=" " ind2=" ">
      <subfield code="c">2018-05-16</subfield>
    </datafield>
    <datafield tag="520" ind1=" " ind2=" ">
      <subfield code="a">Vérifier ses mails plusieurs fois par heure, regarder son téléphone dès qu’une notification apparaît, surfer sur les réseaux sociaux machinalement, interrompre systématiquement une tâche en cours pour prendre un appel… Que celui ou celle qui ne se sent pas concerné.e  lève le doigt  ! 2 heures Chrono pour vraiment déconnecter  vous invite à repenser votre relation au numérique pour mieux la gérer au quotidien. La technologie n’est pas un problème en soi, c’est la façon dont on s’en sert  qui peut le devenir. </subfield>
    </datafield>
  </record>