
  <record>
    <leader>00000cam a2200000zu 4500</leader>
    <datafield tag="024" ind1="8" ind2=" ">
      <subfield code="a">http://cantookstation.com/resources/5a50707823579439e1d30548</subfield>
    </datafield>
    <datafield tag="856" ind1="4" ind2="0">
      <subfield code="u">http://la-chaux-de-fonds.ebibliomedia.ch/resources/5a50707823579439e1d30548</subfield>
    </datafield>
    <datafield tag="245" ind1="0" ind2="0">
      <subfield code="a">Harry Potter et l’Ordre du Phénix</subfield>
    </datafield>
    <datafield tag="020" ind1=" " ind2=" ">
      <subfield code="a">9781781101070</subfield>
    </datafield>
    <datafield tag="655" ind1=" " ind2="7">
      <subfield code="a">EPUB</subfield>
      <subfield code="2">local</subfield>
    </datafield>
    <datafield tag="720" ind1=" " ind2=" ">
      <subfield code="a">Rowling, J.K.</subfield>
      <subfield code="e">author</subfield>
    </datafield>
    <datafield tag="260" ind1=" " ind2=" ">
      <subfield code="b">Pottermore</subfield>
    </datafield>
    <datafield tag="260" ind1=" " ind2=" ">
      <subfield code="c">2016-09-30</subfield>
    </datafield>
    <datafield tag="520" ind1=" " ind2=" ">
      <subfield code="a">À quinze ans, Harry entre en cinquième année à Poudlard, mais il n’a jamais été si anxieux. L’adolescence, la perspective des examens et ces étranges cauchemars… Car Celui-Dont-On-Ne-Doit-Pas-Prononcer- Le-Nom est de retour. Le ministère de la Magie semble ne pas prendre cette menace au sérieux, contrairement à Dumbledore. La résistance s’organise alors autour de Harry qui va devoir compter sur le courage et la fidélité de ses amis de toujours… D’une inventivité et d’une virtuosité rares, découvrez le cinquième tome de cette saga que son auteur a su hisser au rang de véritable phénomène littéraire.</subfield>
    </datafield>
  </record>