
  <record>
    <leader>00000cam a2200000zu 4500</leader>
    <datafield tag="024" ind1="8" ind2=" ">
      <subfield code="a">http://cantookstation.com/resources/5ad1958e235794778afd4267</subfield>
    </datafield>
    <datafield tag="856" ind1="4" ind2="0">
      <subfield code="u">http://la-chaux-de-fonds.ebibliomedia.ch/resources/5ad1958e235794778afd4267</subfield>
    </datafield>
    <datafield tag="245" ind1="0" ind2="0">
      <subfield code="a">Fortune de mer</subfield>
    </datafield>
    <datafield tag="020" ind1=" " ind2=" ">
      <subfield code="a">9782754821476</subfield>
    </datafield>
    <datafield tag="655" ind1=" " ind2="7">
      <subfield code="a">PDF</subfield>
      <subfield code="2">local</subfield>
    </datafield>
    <datafield tag="720" ind1=" " ind2=" ">
      <subfield code="a">Belin, Clément</subfield>
      <subfield code="e">author</subfield>
    </datafield>
    <datafield tag="720" ind1=" " ind2=" ">
      <subfield code="a">Costès, </subfield>
      <subfield code="e">author</subfield>
    </datafield>
    <datafield tag="260" ind1=" " ind2=" ">
      <subfield code="b">Futuropolis</subfield>
    </datafield>
    <datafield tag="260" ind1=" " ind2=" ">
      <subfield code="c">2018-04-04</subfield>
    </datafield>
    <datafield tag="520" ind1=" " ind2=" ">
      <subfield code="a">La Bourdon est un remorqueur d’assistance et de sauvetage en haute mer surpuissant. La Bourdon, dont l’équipage est composé de marins de la marine marchande, a été affrétée par l’État français pour assurer la sécurité du rail d’Ouessant. C’est le dernier espoir des navires en perdition au large de la pointe bretonne. Il existe d’autres unités de remorquage, à Boulogne-sur-Mer, à Toulon, mais pour tout le monde le sauvetage en mer, c’est la Bourdon, le fameux Saint-Bernard des mers ! Cette réputation, on la doit sans doute aussi à la personnalité charismatique de son commandant, Jean-Charles Bulros, qui a à son actif le sauvetage de centaines de cargos en perdition. Jonathan, jeune lieutenant venu de Marseille, arrive à Brest pour prendre son poste sur la Bourdon. Il fait la connaissance de l’équipage, depuis le commandant jusqu’au bosco, un personnage haut en couleurs lui aussi. Enfin, c’est l’heure de quitter le mouillage, paraîtrait que le commandant soit sur un "gros coup", dit-on dans les coursives, un navire gazier de 15 000 tonnes à la dérive. Dès lors, les négociations entre le capitaine du cargo et le commandant Bulros peuvent commencer…</subfield>
    </datafield>
  </record>