
  <record>
    <leader>00000cam a2200000zu 4500</leader>
    <datafield tag="024" ind1="8" ind2=" ">
      <subfield code="a">http://cantookstation.com/resources/5690ac4b5f2f74ace2ab062f</subfield>
    </datafield>
    <datafield tag="856" ind1="4" ind2="0">
      <subfield code="u">http://la-chaux-de-fonds.ebibliomedia.ch/resources/5690ac4b5f2f74ace2ab062f</subfield>
    </datafield>
    <datafield tag="245" ind1="0" ind2="0">
      <subfield code="a">Ça, c'est moi quand j'étais jeune. (Lettre ouverte à ma femme)</subfield>
    </datafield>
    <datafield tag="020" ind1=" " ind2=" ">
      <subfield code="a">9782021297850</subfield>
    </datafield>
    <datafield tag="655" ind1=" " ind2="7">
      <subfield code="a">EPUB</subfield>
      <subfield code="2">local</subfield>
    </datafield>
    <datafield tag="720" ind1=" " ind2=" ">
      <subfield code="a">Wolinski, Georges</subfield>
      <subfield code="e">author</subfield>
    </datafield>
    <datafield tag="260" ind1=" " ind2=" ">
      <subfield code="b">Le Seuil</subfield>
    </datafield>
    <datafield tag="260" ind1=" " ind2=" ">
      <subfield code="c">2016-01-06</subfield>
    </datafield>
    <datafield tag="520" ind1=" " ind2=" ">
      <subfield code="a">Dessinateur de génie, séducteur impénitent, Georges Wolinski, assassiné le 7 janvier 2015, était aussi un fin prosateur. Lettre ouverte à ma femme, initialement paru en 1978 chez Albin Michel, montre que derrière le phallocrate provocateur se cache un homme sensible, à l'écoute des autres, et des femmes en particulier, comme le confirme Maryse Wolinski dans la préface qu'elle livre à l'occasion de cette nouvelle édition.Ça, c'est moi quand j'étais jeune : quarante ans après, la force du trait et des mots de Wolinski demeure, pour notre plus grand bonheur.</subfield>
    </datafield>
  </record>