
  <record>
    <leader>00000cam a2200000zu 4500</leader>
    <datafield tag="024" ind1="8" ind2=" ">
      <subfield code="a">http://cantookstation.com/resources/588aec9723579469c666a596</subfield>
    </datafield>
    <datafield tag="856" ind1="4" ind2="0">
      <subfield code="u">http://la-chaux-de-fonds.ebibliomedia.ch/resources/588aec9723579469c666a596</subfield>
    </datafield>
    <datafield tag="245" ind1="0" ind2="0">
      <subfield code="a">Chicago</subfield>
    </datafield>
    <datafield tag="020" ind1=" " ind2=" ">
      <subfield code="a">9782330050245</subfield>
    </datafield>
    <datafield tag="655" ind1=" " ind2="7">
      <subfield code="a">EPUB</subfield>
      <subfield code="2">local</subfield>
    </datafield>
    <datafield tag="720" ind1=" " ind2=" ">
      <subfield code="a">Aswany, Alaa El</subfield>
      <subfield code="e">author</subfield>
    </datafield>
    <datafield tag="260" ind1=" " ind2=" ">
      <subfield code="b">Actes Sud Littérature</subfield>
    </datafield>
    <datafield tag="260" ind1=" " ind2=" ">
      <subfield code="c">2015-03-31</subfield>
    </datafield>
    <datafield tag="520" ind1=" " ind2=" ">
      <subfield code="a">Même vue de loin, des couloirs d'une université - d'une société - américaine amie-ennemie toute en contrastes, l'Egypte reste au coeur du nouveau roman d'Alaa El Aswany et de ses personnages, pris dans les contradictions de leur sentiment d'appartenance à un pays qui les exalte autant qu'il les déçoit. D'une lucidité implacable, l'auteur de L'Immeuble Yacoubian n'a rien perdu de son humour ni de son incoercible goût de la vie.</subfield>
    </datafield>
  </record>