
  <record>
    <leader>00000cam a2200000zu 4500</leader>
    <datafield tag="024" ind1="8" ind2=" ">
      <subfield code="a">http://cantookstation.com/resources/561c9a55cdd23087a9797a82</subfield>
    </datafield>
    <datafield tag="856" ind1="4" ind2="0">
      <subfield code="u">http://la-chaux-de-fonds.ebibliomedia.ch/resources/561c9a55cdd23087a9797a82</subfield>
    </datafield>
    <datafield tag="245" ind1="0" ind2="0">
      <subfield code="a">L'Éveil du Léviathan</subfield>
    </datafield>
    <datafield tag="020" ind1=" " ind2=" ">
      <subfield code="a">9782330037307</subfield>
    </datafield>
    <datafield tag="655" ind1=" " ind2="7">
      <subfield code="a">EPUB</subfield>
      <subfield code="2">local</subfield>
    </datafield>
    <datafield tag="720" ind1=" " ind2=" ">
      <subfield code="a">Corey, James S. A.</subfield>
      <subfield code="e">author</subfield>
    </datafield>
    <datafield tag="260" ind1=" " ind2=" ">
      <subfield code="b">Actes Sud Littérature</subfield>
    </datafield>
    <datafield tag="260" ind1=" " ind2=" ">
      <subfield code="c">2014-06-10</subfield>
    </datafield>
    <datafield tag="520" ind1=" " ind2=" ">
      <subfield code="a">L’humanité a colonisé le système solaire. Jim Holden est second sur un transport de glace qui effectue la navette entre les anneaux de Saturne et les stations installées dans la Ceinture d’Astéroïdes. Quand il croise la route du Scopuli, un appareil à l’abandon, il se retrouve en possession d’un secret bien encombrant. Un secret pour lequel certains sont prêts à tuer. De son côté, l’inspecteur Miller recherche une jeune femme. Quand l’enquête le mène au Scopuli et à Holden, Miller comprend que cette jeune femme est peut-être la réponse à tout. S’il ne découvre pas rapidement qui a abandonné ce vaisseau, et pourquoi, le conflit latent entre le gouvernement de la Terre et les Rebelles risque de se réveiller. Avec ce premier volume de la série “Expanse”, James S. A. Corey signe “un space opera à tomber à la renverse” (George R. R. Martin).</subfield>
    </datafield>
  </record>