
  <record>
    <leader>00000cam a2200000zu 4500</leader>
    <datafield tag="024" ind1="8" ind2=" ">
      <subfield code="a">http://cantookstation.com/resources/5a867df923579441e536054c</subfield>
    </datafield>
    <datafield tag="856" ind1="4" ind2="0">
      <subfield code="u">http://la-chaux-de-fonds.ebibliomedia.ch/resources/5a867df923579441e536054c</subfield>
    </datafield>
    <datafield tag="245" ind1="0" ind2="0">
      <subfield code="a">La Guerre des mères</subfield>
    </datafield>
    <datafield tag="020" ind1=" " ind2=" ">
      <subfield code="a">9782207136935</subfield>
    </datafield>
    <datafield tag="655" ind1=" " ind2="7">
      <subfield code="a">EPUB</subfield>
      <subfield code="2">local</subfield>
    </datafield>
    <datafield tag="720" ind1=" " ind2=" ">
      <subfield code="a">Hemmings, Kaui Hart</subfield>
      <subfield code="e">author</subfield>
    </datafield>
    <datafield tag="260" ind1=" " ind2=" ">
      <subfield code="b">Editions Denoël</subfield>
    </datafield>
    <datafield tag="260" ind1=" " ind2=" ">
      <subfield code="c">2018-02-07</subfield>
    </datafield>
    <datafield tag="520" ind1=" " ind2=" ">
      <subfield code="a">Quand le mythe de la 'mère parfaite' en prend un coup… 
Mele Bart tient un blog culinaire. Installée à San Francisco, elle a vingt-huit ans, une magnifique petite fille de deux ans, Ellie, et un ex, Bobby, qui lui a appris qu’il était déjà fiancé à une autre le jour où elle lui a annoncé qu’elle était enceinte. Quand ce dernier lui demande que leur petite fille soit demoiselle d’honneur à son mariage, Mele accepte, un peu à contrecœur. 
Pour se changer les idées, elle décide donc de s’inscrire à un concours de recettes de cuisine organisé par le Club des mamans de San Francisco. Si elle peine au départ à se faire une place parmi le cercle fermé des mamans parfaites, toujours promptes à la critique, les amis qu’elle va se faire deviendront rapidement ses meilleurs alliés. Très vite, elle trouve en eux soutien et réconfort, mais aussi une source d’inspiration culinaire, chacune de ses recettes étant basée sur une anecdote vécue. 
Et qui sait, peut-être que l’amour l’attend aussi au bout du chemin…</subfield>
    </datafield>
  </record>