
  <record>
    <leader>00000cam a2200000zu 4500</leader>
    <datafield tag="024" ind1="8" ind2=" ">
      <subfield code="a">http://cantookstation.com/resources/5a2b866d23579461b0f022bb</subfield>
    </datafield>
    <datafield tag="856" ind1="4" ind2="0">
      <subfield code="u">http://la-chaux-de-fonds.ebibliomedia.ch/resources/5a2b866d23579461b0f022bb</subfield>
    </datafield>
    <datafield tag="245" ind1="0" ind2="0">
      <subfield code="a">Le Diamant de discorde</subfield>
    </datafield>
    <datafield tag="020" ind1=" " ind2=" ">
      <subfield code="a">9782811234409</subfield>
    </datafield>
    <datafield tag="655" ind1=" " ind2="7">
      <subfield code="a">EPUB</subfield>
      <subfield code="2">local</subfield>
    </datafield>
    <datafield tag="720" ind1=" " ind2=" ">
      <subfield code="a">Heitz, Markus</subfield>
      <subfield code="e">author</subfield>
    </datafield>
    <datafield tag="260" ind1=" " ind2=" ">
      <subfield code="b">Bragelonne</subfield>
    </datafield>
    <datafield tag="260" ind1=" " ind2=" ">
      <subfield code="c">2017-11-10</subfield>
    </datafield>
    <datafield tag="520" ind1=" " ind2=" ">
      <subfield code="a">Cinq cycles solaires se sont écoulés depuis la victoire sur les Amshas et leur armée. Mais voilà que cette paix fragile est brusquement menacée. Surgies du néant, d'effroyables créatures sillonnent les terres naines, elfiques et humaines à la recherche du diamant de l'Éoîl.</subfield>
    </datafield>
  </record>