
  <record>
    <leader>00000cam a2200000zu 4500</leader>
    <datafield tag="024" ind1="8" ind2=" ">
      <subfield code="a">http://cantookstation.com/resources/5af1396a23579460e46f8303</subfield>
    </datafield>
    <datafield tag="856" ind1="4" ind2="0">
      <subfield code="u">http://la-chaux-de-fonds.ebibliomedia.ch/resources/5af1396a23579460e46f8303</subfield>
    </datafield>
    <datafield tag="245" ind1="0" ind2="0">
      <subfield code="a">La Team Sherlock - tome 2 L'énigme du Mara Khol Ma</subfield>
    </datafield>
    <datafield tag="020" ind1=" " ind2=" ">
      <subfield code="a">9791023510638</subfield>
    </datafield>
    <datafield tag="655" ind1=" " ind2="7">
      <subfield code="a">EPUB</subfield>
      <subfield code="2">local</subfield>
    </datafield>
    <datafield tag="720" ind1=" " ind2=" ">
      <subfield code="a">Tamaillon, Stéphane</subfield>
      <subfield code="e">author</subfield>
    </datafield>
    <datafield tag="260" ind1=" " ind2=" ">
      <subfield code="b">Seuil jeunesse</subfield>
    </datafield>
    <datafield tag="260" ind1=" " ind2=" ">
      <subfield code="c">2018-05-02</subfield>
    </datafield>
    <datafield tag="520" ind1=" " ind2=" ">
      <subfield code="a">Après avoir résolu l'affaire Moriarty au péril de leur vie, Celandine, Haruko et Alejandro s'apprêtent à goûter un repos mérité. Mais leur ami Watson a disparu et tout laisse à penser qu'il se trouve au Japon. Les voici donc partis pour Tokyo ! Leur mission ? Retrouver Watson et lui remettre un mystérieux aiguillon orné de signes tibétains devenu l'objet de toutes les convoitises. Les vacances peuvent attendre. Bienvenue au pays du Soleil-Levant... et des dangereux yakuzas !</subfield>
    </datafield>
  </record>