
  <record>
    <leader>00000cam a2200000zu 4500</leader>
    <datafield tag="024" ind1="8" ind2=" ">
      <subfield code="a">http://cantookstation.com/resources/561c9a55cdd23087a9797a4d</subfield>
    </datafield>
    <datafield tag="856" ind1="4" ind2="0">
      <subfield code="u">http://la-chaux-de-fonds.ebibliomedia.ch/resources/561c9a55cdd23087a9797a4d</subfield>
    </datafield>
    <datafield tag="245" ind1="0" ind2="0">
      <subfield code="a">Cœurs glacés</subfield>
    </datafield>
    <datafield tag="020" ind1=" " ind2=" ">
      <subfield code="a">9782847206388</subfield>
    </datafield>
    <datafield tag="655" ind1=" " ind2="7">
      <subfield code="a">EPUB</subfield>
      <subfield code="2">local</subfield>
    </datafield>
    <datafield tag="720" ind1=" " ind2=" ">
      <subfield code="a">Staalesen, Gunnar</subfield>
      <subfield code="e">author</subfield>
    </datafield>
    <datafield tag="260" ind1=" " ind2=" ">
      <subfield code="b">gaia</subfield>
    </datafield>
    <datafield tag="260" ind1=" " ind2=" ">
      <subfield code="c">2015-09-01</subfield>
    </datafield>
    <datafield tag="520" ind1=" " ind2=" ">
      <subfield code="a">Par une journée glaciale de janvier, Varg Veum reçoit la visite d'une prostituée. Une amie de celle-ci a disparu depuis plusieurs jours, terrorisée après avoir chassé un client. Varg se charge de l'enquête et va vite se retrouver confronté à une dure réalité. La découverte d'un premier corps ne restera pas isolée, dans un milieu où corruption et idéologie font mauvais ménage.</subfield>
    </datafield>
  </record>