
  <record>
    <leader>00000cam a2200000zu 4500</leader>
    <datafield tag="024" ind1="8" ind2=" ">
      <subfield code="a">http://cantookstation.com/resources/58d4c06323579455159e2e66</subfield>
    </datafield>
    <datafield tag="856" ind1="4" ind2="0">
      <subfield code="u">http://la-chaux-de-fonds.ebibliomedia.ch/resources/58d4c06323579455159e2e66</subfield>
    </datafield>
    <datafield tag="245" ind1="0" ind2="0">
      <subfield code="a">Profil perdu</subfield>
    </datafield>
    <datafield tag="020" ind1=" " ind2=" ">
      <subfield code="a">9782743639877</subfield>
    </datafield>
    <datafield tag="655" ind1=" " ind2="7">
      <subfield code="a">EPUB</subfield>
      <subfield code="2">local</subfield>
    </datafield>
    <datafield tag="720" ind1=" " ind2=" ">
      <subfield code="a">Pagan, Hugues</subfield>
      <subfield code="e">author</subfield>
    </datafield>
    <datafield tag="260" ind1=" " ind2=" ">
      <subfield code="b">Rivages</subfield>
    </datafield>
    <datafield tag="260" ind1=" " ind2=" ">
      <subfield code="c">2017-03-21</subfield>
    </datafield>
    <datafield tag="520" ind1=" " ind2=" ">
      <subfield code="a">On retrouve Schneider, le flic désabusé et sans prénom de La Mort dans une voiture solitaire et de Boulevard des allongés. Fanatique de Virginia Woolf et écorché vif, hanté par la mort d'une femme, l'inspecteur principal Schneider, chef du Groupe criminel hante la ville tel un fantôme à bord de sa Lincoln Continental. Il entretient des relations compliquées avec un « Monsieur Tom », ex-avocat d'Assises et homme d'affaires pas toujours recommandable. Il doit aussi enquêter sur la tentative de meurtre qui a laissé son collègue Meunier des Stups entre la vie et la mort. 

Voici le grand retrour d'Hugues Pagan après presque 20 ans d'absence de la scène littéraire (il a occupé activement la scène audio-visuelle pendant ce temps). Ses livres sont d'impressionnnantes radiographies de la vie des flics, telles qu'on n'en a jamais lues avant lui, mais aussi des œuvres bouleversantes d'humanité. Alternant crudité et lyrisme, élégance classique et gouaille de la rue, son écriture virtuose et sa musique bluesy s'insinuent dans les tripes du lecteur et nous parlent de l'essentiel : le tragique de la condition humaine. </subfield>
    </datafield>
  </record>