
  <record>
    <leader>00000cam a2200000zu 4500</leader>
    <datafield tag="024" ind1="8" ind2=" ">
      <subfield code="a">http://cantookstation.com/resources/59b37fed235794789c172e29</subfield>
    </datafield>
    <datafield tag="856" ind1="4" ind2="0">
      <subfield code="u">http://la-chaux-de-fonds.ebibliomedia.ch/resources/59b37fed235794789c172e29</subfield>
    </datafield>
    <datafield tag="245" ind1="0" ind2="0">
      <subfield code="a">Sigma</subfield>
    </datafield>
    <datafield tag="020" ind1=" " ind2=" ">
      <subfield code="a">9782707343741</subfield>
    </datafield>
    <datafield tag="655" ind1=" " ind2="7">
      <subfield code="a">EPUB</subfield>
      <subfield code="2">local</subfield>
    </datafield>
    <datafield tag="720" ind1=" " ind2=" ">
      <subfield code="a">Deck, Julia</subfield>
      <subfield code="e">author</subfield>
    </datafield>
    <datafield tag="260" ind1=" " ind2=" ">
      <subfield code="b">Minuit</subfield>
    </datafield>
    <datafield tag="260" ind1=" " ind2=" ">
      <subfield code="c">2017-09-06</subfield>
    </datafield>
    <datafield tag="520" ind1=" " ind2=" ">
      <subfield code="a">Messieurs, 

Vous avez confié à notre Organisation le soin de lutter contre les œuvres indésirables. Quand il est impossible de les éliminer à la source, nous les faisons entrer dans des musées, où leur potentiel de nuisance s'épuise de lui-même. Aucune pièce majeure n'échappe à notre vigilance. 
Nous apprenons aujourd'hui qu'une œuvre disparue du peintre Konrad Kessler referait surface aux alentours de Genève. La fâcheuse influence de cet artiste n'étant plus à démontrer, notre bureau suisse déploie immédiatement ses agents auprès de toutes les parties prenantes – galeriste, collectionneur, banquier, scientifique – afin de mettre hors de nuire le tableau. 

Sigma, New York, le 31 mars</subfield>
    </datafield>
  </record>