
  <record>
    <leader>00000cam a2200000zu 4500</leader>
    <datafield tag="024" ind1="8" ind2=" ">
      <subfield code="a">http://cantookstation.com/resources/592a64872357940f9aa1ab1e</subfield>
    </datafield>
    <datafield tag="856" ind1="4" ind2="0">
      <subfield code="u">http://la-chaux-de-fonds.ebibliomedia.ch/resources/592a64872357940f9aa1ab1e</subfield>
    </datafield>
    <datafield tag="245" ind1="0" ind2="0">
      <subfield code="a">GEOguide Provence</subfield>
    </datafield>
    <datafield tag="020" ind1=" " ind2=" ">
      <subfield code="a">9782742449514</subfield>
    </datafield>
    <datafield tag="655" ind1=" " ind2="7">
      <subfield code="a">EPUB</subfield>
      <subfield code="2">local</subfield>
    </datafield>
    <datafield tag="720" ind1=" " ind2=" ">
      <subfield code="a">Loisirs, Collectif Gallimard</subfield>
      <subfield code="e">author</subfield>
    </datafield>
    <datafield tag="260" ind1=" " ind2=" ">
      <subfield code="b">Gallimard Loisirs</subfield>
    </datafield>
    <datafield tag="260" ind1=" " ind2=" ">
      <subfield code="c">2017-05-25</subfield>
    </datafield>
    <datafield tag="520" ind1=" " ind2=" ">
      <subfield code="a">Pour cette édition numérique, les nouvelles fonctionnalités de la lecture interactive sur tablette ou smartphone offrent une vraie différence qualitative pour la consultation des GEOguides en mobilité : zoom HD sur les plans, hyperliens entre adresses pucées présentées avec les plans et les commentaires correspondants, sites Internet des adresses interactifs, indexation, recherche dans le texte, navigation hypertextuelle d’une adresse à une autre, d’une partie du guide à une autre, sommaire actif, et environnement ergonomique personnalisable.

Dans ce GEOguide, découvrez :
- 4 circuits à ne pas manquer : Trois jours à Marseille, Aix-en-Provence et le Pays Salonais, Avignon et ses environs, le Pays du Verdon ;
- les bons plans pour organiser au mieux votre séjour ;
- des itinéraires sur mesure et des sélections thématiques pour personnaliser votre séjour ;
- des centaines d'adresses authentiques choisies par nos auteurs-voyageurs ;
- 28 cartes et plans (sans connexion Internet nécessaire) ;
- et une présentation culturelle complète de la destination.</subfield>
    </datafield>
  </record>