
  <record>
    <leader>00000cam a2200000zu 4500</leader>
    <datafield tag="024" ind1="8" ind2=" ">
      <subfield code="a">http://cantookstation.com/resources/56bd9b979bbb7b06a935adc5</subfield>
    </datafield>
    <datafield tag="856" ind1="4" ind2="0">
      <subfield code="u">http://la-chaux-de-fonds.ebibliomedia.ch/resources/56bd9b979bbb7b06a935adc5</subfield>
    </datafield>
    <datafield tag="245" ind1="0" ind2="0">
      <subfield code="a">Salammbô</subfield>
    </datafield>
    <datafield tag="020" ind1=" " ind2=" ">
      <subfield code="a">feedhttps-www-feedbooks-com-book-414-epub</subfield>
    </datafield>
    <datafield tag="655" ind1=" " ind2="7">
      <subfield code="a">EPUB</subfield>
      <subfield code="2">local</subfield>
    </datafield>
    <datafield tag="720" ind1=" " ind2=" ">
      <subfield code="a">Flaubert, Gustave</subfield>
      <subfield code="e">author</subfield>
    </datafield>
    <datafield tag="260" ind1=" " ind2=" ">
      <subfield code="b"></subfield>
    </datafield>
    <datafield tag="260" ind1=" " ind2=" ">
      <subfield code="c">1861-12-31</subfield>
    </datafield>
    <datafield tag="520" ind1=" " ind2=" ">
      <subfield code="a">Salammbô est un roman historique de Gustave Flaubert, paru en 1862 chez Michel Lévy.
Il prend pour sujet la Guerre des Mercenaires, iiie siècle av. J.-C., qui opposa la ville de Carthage avec les Mercenaires barbares qu’elle avait employés pendant la première Guerre punique, et qui se révoltèrent, furieux de ne pas avoir reçu la solde convenue. Flaubert chercha à respecter l’Histoire connue, mais profita du peu d’informations disponibles pour décrire un Orient à l’exotisme sensuel et violent.</subfield>
    </datafield>
  </record>