
  <record>
    <leader>00000cam a2200000zu 4500</leader>
    <datafield tag="024" ind1="8" ind2=" ">
      <subfield code="a">http://cantookstation.com/resources/5747ded028e89ed4dc799165</subfield>
    </datafield>
    <datafield tag="856" ind1="4" ind2="0">
      <subfield code="u">http://la-chaux-de-fonds.ebibliomedia.ch/resources/5747ded028e89ed4dc799165</subfield>
    </datafield>
    <datafield tag="245" ind1="0" ind2="0">
      <subfield code="a">Albanie 2016-2017 Petit Futé (avec cartes, photos + avis des lecteurs)</subfield>
    </datafield>
    <datafield tag="020" ind1=" " ind2=" ">
      <subfield code="a">9791033103813</subfield>
    </datafield>
    <datafield tag="655" ind1=" " ind2="7">
      <subfield code="a">EPUB</subfield>
      <subfield code="2">local</subfield>
    </datafield>
    <datafield tag="720" ind1=" " ind2=" ">
      <subfield code="a">Labourdette, Jean-Paul</subfield>
      <subfield code="e">author</subfield>
    </datafield>
    <datafield tag="720" ind1=" " ind2=" ">
      <subfield code="a">Collectif, </subfield>
      <subfield code="e">author</subfield>
    </datafield>
    <datafield tag="720" ind1=" " ind2=" ">
      <subfield code="a">Auzias, Dominique</subfield>
      <subfield code="e">author</subfield>
    </datafield>
    <datafield tag="260" ind1=" " ind2=" ">
      <subfield code="b">Petit Futé</subfield>
    </datafield>
    <datafield tag="260" ind1=" " ind2=" ">
      <subfield code="c">2016-05-24</subfield>
    </datafield>
    <datafield tag="520" ind1=" " ind2=" ">
      <subfield code="a">
Albanie 2016-2017 Petit Futé (avec cartes,

Ouverte sur la mer, entourée par la Grèce, la Macédoine et la Serbie-et-Monténégro, l'Albanie offre également un merveilleux raccourci des plus beaux décors méditerranéens, au carrefour des grandes voies antiques reliant l'Orient et l'Occident. ...</subfield>
    </datafield>
  </record>