
  <record>
    <leader>00000cam a2200000zu 4500</leader>
    <datafield tag="024" ind1="8" ind2=" ">
      <subfield code="a">http://cantookstation.com/resources/56fe0aef28e89ed4dc7931f0</subfield>
    </datafield>
    <datafield tag="856" ind1="4" ind2="0">
      <subfield code="u">http://la-chaux-de-fonds.ebibliomedia.ch/resources/56fe0aef28e89ed4dc7931f0</subfield>
    </datafield>
    <datafield tag="245" ind1="0" ind2="0">
      <subfield code="a">L'Hypnotiseur</subfield>
    </datafield>
    <datafield tag="020" ind1=" " ind2=" ">
      <subfield code="a">9782742798179</subfield>
    </datafield>
    <datafield tag="655" ind1=" " ind2="7">
      <subfield code="a">EPUB</subfield>
      <subfield code="2">local</subfield>
    </datafield>
    <datafield tag="720" ind1=" " ind2=" ">
      <subfield code="a">Kepler, Lars</subfield>
      <subfield code="e">author</subfield>
    </datafield>
    <datafield tag="260" ind1=" " ind2=" ">
      <subfield code="b">Actes Sud Littérature</subfield>
    </datafield>
    <datafield tag="260" ind1=" " ind2=" ">
      <subfield code="c">2011-10-09</subfield>
    </datafield>
    <datafield tag="520" ind1=" " ind2=" ">
      <subfield code="a">Dans une maison de la banlieue de Stockholm, une famille est sauvagement assassinée. Seul un garçon échappe au massacre, mais il navigue entre la vie et la mort, inconscient. L'inspecteur Joona Linna décide alors de recourir à un hypnotiseur pour pénétrer le subconscient du garçon et tenter de revoir le carnage à travers ses yeux… Roman policier d'une intelligence redoutable doublé d'un thriller terrifiant, "L'Hypnotiseur", première enquête de l'inspecteur Joona Linna, fera date dans l'histoire de la littérature policière scandinave. Il y aura un avant et un après Lars Kepler.</subfield>
    </datafield>
  </record>