
  <record>
    <leader>00000cam a2200000zu 4500</leader>
    <datafield tag="024" ind1="8" ind2=" ">
      <subfield code="a">http://cantookstation.com/resources/56a321605f2f74ace2ab1ef5</subfield>
    </datafield>
    <datafield tag="856" ind1="4" ind2="0">
      <subfield code="u">http://la-chaux-de-fonds.ebibliomedia.ch/resources/56a321605f2f74ace2ab1ef5</subfield>
    </datafield>
    <datafield tag="245" ind1="0" ind2="0">
      <subfield code="a">Le Livre de Gould</subfield>
    </datafield>
    <datafield tag="020" ind1=" " ind2=" ">
      <subfield code="a">9782330062521</subfield>
    </datafield>
    <datafield tag="655" ind1=" " ind2="7">
      <subfield code="a">EPUB</subfield>
      <subfield code="2">local</subfield>
    </datafield>
    <datafield tag="720" ind1=" " ind2=" ">
      <subfield code="a">Flanagan, Richard</subfield>
      <subfield code="e">author</subfield>
    </datafield>
    <datafield tag="260" ind1=" " ind2=" ">
      <subfield code="b">Éditions Actes Sud</subfield>
    </datafield>
    <datafield tag="260" ind1=" " ind2=" ">
      <subfield code="c">2016-01-05</subfield>
    </datafield>
    <datafield tag="520" ind1=" " ind2=" ">
      <subfield code="a">Lorsque Sid Hammet, faussaire australien, trouve dans une brocante LeLivre des Poissonsécrit par le peintre forçat William Buelow Gould, il ne peut se douter de l’influence que vont avoir sur lui ces douze aquarelles de poissons et le texte chaotique qui les accompagne… Dans un roman touffu servi par une prose hypnotique empreinte de réalisme magique et d’humour noir, Richard Flanagan livre une virtuose méditation sur les dangereux pouvoirs de l’imagination quand celle-ci devient volonté de rendre le monde conforme à ses désirs et non l’inverse.</subfield>
    </datafield>
  </record>