
  <record>
    <leader>00000cam a2200000zu 4500</leader>
    <datafield tag="024" ind1="8" ind2=" ">
      <subfield code="a">http://cantookstation.com/resources/5469a7bd3cb5a82f7b7bb9d0</subfield>
    </datafield>
    <datafield tag="856" ind1="4" ind2="0">
      <subfield code="u">http://la-chaux-de-fonds.ebibliomedia.ch/resources/5469a7bd3cb5a82f7b7bb9d0</subfield>
    </datafield>
    <datafield tag="245" ind1="0" ind2="0">
      <subfield code="a">Les Convalescentes</subfield>
    </datafield>
    <datafield tag="020" ind1=" " ind2=" ">
      <subfield code="a">9782021162189</subfield>
    </datafield>
    <datafield tag="655" ind1=" " ind2="7">
      <subfield code="a">EPUB</subfield>
      <subfield code="2">local</subfield>
    </datafield>
    <datafield tag="720" ind1=" " ind2=" ">
      <subfield code="a">Gazier, Michèle</subfield>
      <subfield code="e">author</subfield>
    </datafield>
    <datafield tag="260" ind1=" " ind2=" ">
      <subfield code="b">Le Seuil</subfield>
    </datafield>
    <datafield tag="260" ind1=" " ind2=" ">
      <subfield code="c">2014-05-21</subfield>
    </datafield>
    <datafield tag="520" ind1=" " ind2=" ">
      <subfield code="a">Professeur, mariée, un enfant, la trentaine, Lise est admise dans une maison de repos, à Saint-Libron, dans le sud de la France. Elle souffre de dépression. Sur place, elle ne tarde pas à se lier d'amitié avec Oriane, nettement plus jeune, Parisienne de bonne famille et qui souffre d'anorexie. Dans le Grand Hôtel voisin, Daisy, Américaine de la côte Est, se rétablit d'un grave accident de la route, sous le regard de Maxime, son élégant et mystérieux mari. Tout est étrange dans ce couple : l'accident a coûté la vie à Gladys, la précédente épouse de Maxime, et Daisy, blessée mais vivante, a pris la place de la défunte... La rencontre du séduisant Maxime, surnommé par Oriane et Lise " l'homme en noir ", réveille en elles toutes sortes de fantasmes, d'angoisses, de souvenirs. Et la mort rôde tant dans les cauchemars que dans le quotidien sans relief de ces femmes que la cure emprisonne. Peut-on vivre, aimer dans cette bulle qu'est la convalescence ? Peut-on vraiment en sortir un jour ? Oriane, Lise, Daisy répondent chacune à leur manière à ces obsédantes questions.Écrivain, Michèle Gazier a longtemps tenu la chronique littéraire de Télérama. Elle a également aidé à la découverte de la littérature espagnole contemporaine en proposant et traduisant des auteurs, parmi lesquels Manuel Vázquez Montalbán et Juan Marsé.</subfield>
    </datafield>
  </record>
</collection>

